@misc{solid,
  author = {Object Mentor},
  title = {SRP: The Single Responsibility Principle [Электронный ресурс]},
  year = {Архивировано 2 февраля 2015},
  url = {https://web.archive.org/web/20150202200348/http://www.objectmentor.com/resources/articles/srp.pdf}
}
@Book{vec,
    author          = { Dan Jurafsky and James H. Martin },
    title           = {Speech and Language Processing},
    year            = {2000},
}
@misc{leven,
  author = {В. И. Левенштейн},
  title = {Двоичные коды с исправлением выпадений, вставок и замещений символов. Доклады Академий Наук СССР},
  year = {1965},
  url = {https://www.mathnet.ru/links/575633ee4c33f4301f89032ac23cc9e1/dan31411.pdf}
}
@misc{bots,
    title = {Исследование VK Мессенджера: три четверти россиян активно используют чат-боты},
    year = {2023},
    url = {https://vk.com/press/messenger-bots-research}
}
@misc{a,
    author  = {Ashish Vaswani and Noam Shazeer and Niki Parmar and Jakob Uszkoreit and Llion Jones and Aidan N. Gomez and Lukasz Kaiser and Illia Polosukhin},
    title   = {Attention Is All You Need},
    year    = {2017},
    url     = {https://arxiv.org/pdf/1706.03762}
}
@misc{botucount,
    author = {Brielle Jaekel},
    title = {H\&M, Sephora chatbots gain visibility in Kik’s new marketplace},
    year = {2015},
    url = {https://www.marketingdive.com/ex/mobilemarketer/cms/news/messaging/22588.html}}
@misc{skip,
    author = {Xin Rong},
    title = {word2vec Parameter Learning Explained},
    year = {2016},
    url = {https://arxiv.org/abs/1411.2738}}
